% Encoding: UTF-8

@Article{Chubar1998_SRW,
  author    = {Chubar, O. and Elleaume, P.},
  title     = {Accurate and efficient computation of synchrotron radiation in the near field region},
  journal   = {Conf. Proc.},
  year      = {1998},
  volume    = {C980622},
  pages     = {1177--1179},
  booktitle = {Particle accelerator. Proceedings, 6th European conference, EPAC'98, Stockholm, Sweden, June 22-26, 1998. Vol. 1-3},
}

@Article{Chubar2002_SRW,
  author  = {Chubar, O. and Elleaume, P. and Kuznetsov, S. and Snigirev, A.A.},
  title   = {Physical optics computer code optimized for synchrotron radiation},
  journal = {Proc. SPIE},
  year    = {2002},
  volume  = {4769},
  pages   = {145-151},
  doi     = {10.1117/12.481182},
}

@Article{Chubar2013_SRW,
  author  = {Chubar, O. and Fluerasu, A. and Berman, L. and Kaznatcheev, K. and Wiegart, L.},
  title   = {Wavefront propagation simulations for beamlines and experiments with ``Synchrotron Radiation Workshop''},
  journal = {Journal of Physics: Conference Series},
  year    = {2013},
  volume  = {425},
  number  = {16},
  pages   = {162001},
  doi     = {10.1088/1742-6596/425/16/162001},
}

@Online{stepanov,
  title = {http://x-server.gmca.aps.anl.gov/x0h.html},
}

@Online{henke,
  title = {http://henke.lbl.gov/optical\_constants},
}

@Article{Rakitin2018_Sirepo,
  author   = {Rakitin, M.S. and Moeller, P. and Nagler, R. and Nash, B. and Bruhwiler, D.L. and Smalyuk, D. and Zhernenkov, M. and Chubar, O.},
  title    = {{\textit{Sirepo}: an open-source cloud-based software interface for X-ray source and optics simulations}},
  journal  = {Journal of Synchrotron Radiation},
  year     = {2018},
  volume   = {25},
  number   = {6},
  month    = {Nov},
  pages    = {1877--1892},
  doi      = {10.1107/S1600577518010986},
  url      = {https://doi.org/10.1107/S1600577518010986},
  keywords = {Synchrotron Radiation Workshop (SRW), Sirepo, X-ray optics simulations, cloud-based software},
}

@Comment{jabref-meta: databaseType:biblatex;}
